<?xml version="1.0" encoding="UTF-8"?><collection xmlns="http://www.loc.gov/MARC21/slim"><record><leader>00470nam--2200181-u-4500</leader><controlfield tag="001">000054668</controlfield><controlfield tag="002">20161230</controlfield><controlfield tag="005">20161230201051</controlfield><controlfield tag="008">120514s1000------------r-----000-0-rus-d</controlfield><datafield ind1=" " ind2=" " tag="040"><subfield code="a">IFIN-HH</subfield></datafield><datafield ind1=" " ind2=" " tag="041"><subfield code="a">rus</subfield></datafield><datafield ind1=" " ind2=" " tag="080"><subfield code="a">539.143.43.078</subfield></datafield><datafield ind1="1" ind2=" " tag="100"><subfield code="a">Skripov, F.I</subfield></datafield><datafield ind1="1" ind2="0" tag="245"><subfield code="a">Kurs lektii po radiospektroskopii</subfield><subfield code="c">F.i. skipov</subfield></datafield><datafield ind1=" " ind2=" " tag="260"><subfield code="a">Leningrad</subfield><subfield code="b">Leningradskogo Universiteta</subfield><subfield code="c">1964</subfield></datafield><datafield ind1=" " ind2=" " tag="300"><subfield code="a">212P</subfield></datafield><datafield ind1=" " ind2=" " tag="852"><subfield code="a">76029</subfield><subfield code="c">539.143.43</subfield></datafield><datafield ind1=" " ind2=" " tag="CAT"><subfield code="a">Sys</subfield><subfield code="c">20120514</subfield><subfield code="h">090622</subfield></datafield></record></collection>